@BOOK{Baioetal:2017,
  title = {{Bayesian Cost-Effectiveness Analysis with the R package BCEA}},
  publisher = {Springer},
  year = {2017},
  author = {Baio, G and Berardi, A and Heath, A},
  month = {Jul},
  address = {New York, NY},
  url = {http://www.springer.com/us/book/9783319557168},
  doi = {10.1007/978-3-319-55718-2},
  isbn = {978-3-319-55718-2}
}
